<record><leader>00000cas a22000007a 4500</leader><controlfield tag="001">786269025</controlfield><controlfield tag="007">hd afu---baca</controlfield><controlfield tag="008">120420c18949999pauwn nea     0   b0hrv  </controlfield><datafield ind1=" " ind2=" " tag="010"><subfield code="a">  2012218627</subfield></datafield><datafield ind1=" " ind2=" " tag="040"><subfield code="a">DLC</subfield><subfield code="b">eng</subfield><subfield code="c">DLC</subfield><subfield code="d">DLC</subfield><subfield code="d">OCLCQ</subfield><subfield code="d">OCLCF</subfield><subfield code="d">DLC</subfield><subfield code="d">OCLCO</subfield></datafield><datafield ind1=" " ind2=" " tag="042"><subfield code="a">msc</subfield></datafield><datafield ind1=" " ind2=" " tag="043"><subfield code="a">n-us---</subfield><subfield code="a">n-us-pa</subfield><subfield code="a">n-us-oh</subfield></datafield><datafield ind1="0" ind2="0" tag="245"><subfield code="a">Zajednic&#780;ar</subfield><subfield code="h">[microform] =</subfield><subfield code="b">Fraternalist.</subfield></datafield><datafield ind1="3" ind2="1" tag="246"><subfield code="a">Fraternalist</subfield></datafield><datafield ind1=" " ind2=" " tag="260"><subfield code="a">Allegheny, Pa. :</subfield><subfield code="b">Narod. Hrv. Zajednica</subfield></datafield><datafield ind1=" " ind2=" " tag="300"><subfield code="a">v.</subfield></datafield><datafield ind1=" " ind2=" " tag="310"><subfield code="a">Weekly (except the second week in July and the week after Thanksgiving),</subfield><subfield code="b">&lt;Dec. 8, 1999-&gt;</subfield></datafield><datafield ind1=" " ind2=" " tag="321"><subfield code="a">Weekly (except the second week in July and the third week in Aug.),</subfield><subfield code="b">&lt;1977&gt;-</subfield></datafield><datafield ind1=" " ind2=" " tag="321"><subfield code="a">Monthly,</subfield><subfield code="b">&lt;Dec. 24, 1904-Dec. 1909&gt;</subfield></datafield><datafield ind1=" " ind2=" " tag="321"><subfield code="a">Weekly,</subfield><subfield code="b">&lt;Jan. 12, 1910-1976&gt;</subfield></datafield><datafield ind1="1" ind2=" " tag="362"><subfield code="a">Began in 1894.</subfield></datafield><datafield ind1=" " ind2=" " tag="500"><subfield code="a">Published: Allegheny, Pa. &lt;-1907&gt;; Youngstown, Ohio &lt;1935&gt;; Pittsburgh, Pa. &lt;1961-&gt;.</subfield></datafield><datafield ind1=" " ind2=" " tag="546"><subfield code="a">In Serbo-Croatian (Roman), &lt;1907-1929&gt; ; in English and Serbo-Croatian (Roman), &lt;1935-&gt;.</subfield></datafield><datafield ind1=" " ind2=" " tag="550"><subfield code="a">Official organ of: Croatian Fraternal Union of America, &lt;1961-&gt;.</subfield></datafield><datafield ind1=" " ind2=" " tag="588"><subfield code="a">Description based on: G. 4, br. 26 (velj. 1907).</subfield></datafield><datafield ind1=" " ind2=" " tag="588"><subfield code="a">Latest issue consulted: Vol. 94, no. 47 (Dec. 8, 1999).</subfield></datafield><datafield ind1=" " ind2=" " tag="533"><subfield code="a">Microfilm.</subfield><subfield code="b">Washington, D.C. :</subfield><subfield code="c">Library of Congress Photoduplication Service.</subfield><subfield code="e">microfilm reels ; 35 mm.</subfield></datafield><datafield ind1=" " ind2="0" tag="650"><subfield code="a">Croats</subfield><subfield code="z">United States</subfield><subfield code="v">Newspapers.</subfield></datafield><datafield ind1=" " ind2="0" tag="650"><subfield code="a">Croatian Americans</subfield><subfield code="z">Pennsylvania</subfield><subfield code="z">Allegheny</subfield><subfield code="v">Newspapers.</subfield></datafield><datafield ind1=" " ind2="0" tag="651"><subfield code="a">North Side (Pittsburgh, Pa.)</subfield><subfield code="v">Newspapers.</subfield></datafield><datafield ind1=" " ind2="0" tag="651"><subfield code="a">Pittsburgh (Pa.)</subfield><subfield code="v">Newspapers.</subfield></datafield><datafield ind1=" " ind2="0" tag="651"><subfield code="a">Youngstown (Ohio)</subfield><subfield code="v">Newspapers.</subfield></datafield><datafield ind1=" " ind2="0" tag="651"><subfield code="a">Allegheny County (Pa.)</subfield><subfield code="v">Newspapers.</subfield></datafield><datafield ind1=" " ind2="0" tag="651"><subfield code="a">Mahoning County (Ohio)</subfield><subfield code="v">Newspapers.</subfield></datafield><datafield ind1=" " ind2="7" tag="650"><subfield code="a">Croatian Americans.</subfield><subfield code="2">fast</subfield><subfield code="0">(OCoLC)fst00883782</subfield></datafield><datafield ind1=" " ind2="7" tag="650"><subfield code="a">Croats.</subfield><subfield code="2">fast</subfield><subfield code="0">(OCoLC)fst00883833</subfield></datafield><datafield ind1=" " ind2="7" tag="651"><subfield code="a">Ohio</subfield><subfield code="z">Mahoning County.</subfield><subfield code="2">fast</subfield><subfield code="0">(OCoLC)fst01207166</subfield></datafield><datafield ind1=" " ind2="7" tag="651"><subfield code="a">Ohio</subfield><subfield code="z">Youngstown.</subfield><subfield code="2">fast</subfield><subfield code="0">(OCoLC)fst01213545</subfield></datafield><datafield ind1=" " ind2="7" tag="651"><subfield code="a">Pennsylvania</subfield><subfield code="z">Allegheny County.</subfield><subfield code="2">fast</subfield><subfield code="0">(OCoLC)fst01209250</subfield></datafield><datafield ind1=" " ind2="7" tag="651"><subfield code="a">Pennsylvania</subfield><subfield code="z">Pittsburgh.</subfield><subfield code="2">fast</subfield><subfield code="0">(OCoLC)fst01205171</subfield></datafield><datafield ind1=" " ind2="7" tag="651"><subfield code="a">Pennsylvania</subfield><subfield code="z">Pittsburgh</subfield><subfield code="z">North Side.</subfield><subfield code="2">fast</subfield><subfield code="0">(OCoLC)fst01322947</subfield></datafield><datafield ind1=" " ind2="7" tag="651"><subfield code="a">United States.</subfield><subfield code="2">fast</subfield><subfield code="0">(OCoLC)fst01204155</subfield></datafield><datafield ind1=" " ind2="7" tag="655"><subfield code="a">Newspapers.</subfield><subfield code="2">fast</subfield><subfield code="0">(OCoLC)fst01423814</subfield></datafield><datafield ind1="2" ind2=" " tag="710"><subfield code="a">Croatian Fraternal Union of America.</subfield></datafield><datafield ind1=" " ind2=" " tag="752"><subfield code="a">United States</subfield><subfield code="b">Pennsylvania</subfield><subfield code="c">Allegheny</subfield><subfield code="d">Allegheny.</subfield></datafield><datafield ind1=" " ind2=" " tag="752"><subfield code="a">United States</subfield><subfield code="b">Pennsylvania</subfield><subfield code="c">Allegheny</subfield><subfield code="d">Pittsburgh.</subfield></datafield><datafield ind1=" " ind2=" " tag="752"><subfield code="a">United States</subfield><subfield code="b">Ohio</subfield><subfield code="c">Mahoning</subfield><subfield code="d">Youngstown.</subfield></datafield><datafield ind1="1" ind2=" " tag="776"><subfield code="c">Original</subfield><subfield code="w">(DLC)sn 84024547</subfield><subfield code="w">(OCoLC)2269819</subfield></datafield></record>